@misc{efinancialcareers2023,
  author       = {eFinancialCareers},
  title        = {The eFinancialCareers student guide for careers in financial services and tech},
  year         = {2023},
  month        = {September 1},
  url          = {https://www.efinancialcareers.co.uk/banking-careers-guide}
}

@misc{euromoney2023,
  author       = {EUROMONEY},
  title        = {Euromoney Foreign Exchange Awards 2023: Global market leader â€“ best global FX provider: Deutsche Bank},
  year         = {2023},
  month        = {September 29},
  url          = {https://www.euromoney.com/article/2c6u9y4xrblhp06rt4c8w/awards/euromoney-foreign-exchange-awards-2023-global-market-leader-best-global-fx-provider-deutsche-bank}
}

@misc{deutschebank2009,
  author = {{Deutsche Bank}},
  year = {2009},
  title = {DB Currency Returns},
  howpublished = {\url{http://globalmarkets.db.com/new/docs/dbCurrencyReturns_March2009.pdf}}
}
