@online{efinancialCareers2023,
  title = {The eFinancialCareers student guide for careers in financial services and tech},
  url = {https://www.efinancialcareers.co.uk/banking-careers-guide},
  abstract = {},
  urldate = {2023-12-05},
  journal = {eFinancialCareers},
  author = {eFinancialCareers},
  year = 2023,
  month = sep
}

@online{EUROMONEY_2023,
  title = {Euromoney Foreign Exchange awards 2023: Global market leader â€“ best global FX provider: Deutsche Bank},
  url = {https://www.euromoney.com/article/2c6u9y4xrblhp06rt4c8w/awards/euromoney-foreign-exchange-awards-2023-global-market-leader-best-global-fx-provider-deutsche-bank},
  abstract = {},
  urldate = {2023-12-05},
  journal = {EUROMONEY},
  author = {EUROMONEY},
  year = 2023,
  month = sep
}


@online{deutschebank_2009,
  title = {DBCR},
  url = {http://globalmarkets.db.com/new/docs/dbCurrencyReturns_March2009.pdf},
  abstract = {},
  urldate = {2023-12-05},
  journal = {Duetsche Bank Currency Report},
  author = {DuetscheBank},
  year = 2009,
}

@online{investopedia,
  title = {Liquid market: Definition, benefits in trading, and examples},
  url = {https://www.investopedia.com/terms/l/liquidmarket.asp#:~:text=Understanding%20Liquid%20Markets&amp;text=The%20market%20for%20the%20stock,where%20foreign%20currencies%20are%20traded.},
  abstract = {},
  urldate = {2023-12-05},
  journal = {Investopedia},
  author = {Scott, Gordon},
  year = 2022,
  month = apr
}


@online{kantox,
  title = {Gloassary: Transaction Costs},
  url = {https://www.kantox.com/en/glossary/fx-transaction-costs/},
  abstract = {F},
  urldate = {2023-12-05},
  journal = {Kantox},
  author = {Kantox},
  year = 2023,
  month = dec
}


%The following reference is for a science journal article.
@article{MENKHOFF2012660,
  title={Currency momentum strategies},
  author={Menkhoff, Lukas and Sarno, Lucio and Schmeling, Maik and Schrimpf,Andreas},
  journal={Journal of Financial Economics},
  volume={106},
  number={3},
  pages={660-684},
  year={2012},
  publisher={Elsevier}
}

